% Encoding: UTF-8
@Manual{R,
  title = {R: A Language and Environment for Statistical Computing},
  author = {{R Core Team}},
  organization = {R Foundation for Statistical Computing},
  address = {Vienna, Austria},
  year = {2016},
  note = {{ISBN} 3-900051-07-0},
  url = {https://www.R-project.org/},
}

@article{ihaka:1996,
  Author = {Ihaka, Ross and Gentleman, Robert},
  Title = {R: A Language for Data Analysis and Graphics},
  Journal = {Journal of Computational and Graphical Statistics},
  Number = 3,
  Pages = {299--314},
  Volume = 5,
  Year = 1996,
  url = {https://doi.org/10.1080/10618600.1996.10474713}
}

@article{Matsumoto_Nishimura:1998,
	author = "Matsumoto, M. and Nishimura, T.",
	title = "Mersenne Twister: A 623-Dimensionally Equidistributed Uniform Pseudo-random Number Generator",
	journal = "ACM Transactions on Modeling and Computer Simulation",
	edition = 8,
	pages = "3--30",
	url = "http://www.math.keio.ac.jp/~matumoto/emt.html",
	year = 1998
}

@article {LEcuyer:1999,
	AUTHOR="P. L'Ecuyer",
	TITLE="Good Parameters and Implementations for
           Combined Multiple Recursive Random Number Generators",
	JOURNAL={Operations Research},
        VOLUME={47},
        NUMBER={1},
        PAGES={159--164},
	YEAR={1999}
        }

@Manual{CRAN:R,
  title =        {R: A Language and Environment for Statistical
                  Computing},
  author =       {{R Core Team}},
  organization = {R Foundation for Statistical Computing},
  address =      {Vienna, Austria},
  year =         {2020},
  url =          {https://www.R-project.org/},
} 

@Manual{CRAN:Rmpi,
  title =        {Rmpi: Interface (Wrapper) to {MPI} (Message-Passing Interface)},
  author =       {Hao Yu},
  year =         {2018},
  note =         {R package version 0.6-9},
  url =          {https://CRAN.R-project.org/package=Rmpi},
}

@Manual{CRAN:batchtools,
  title =        {batchtools: Tools for Computation on Batch Systems},
  author =       {Michel Lang and Bernd Bischl and Dirk Surmann},
  year =         {2020},
  note =         {R package version 0.9.13},
  url =          {https://CRAN.R-project.org/package=batchtools},
}

@Manual{CRAN:doMC,
  title =        {doMC: Foreach Parallel Adaptor for 'parallel'},
  author =       {Hong Ooi and {Microsoft} and Steve Weston},
  year =         {2019},
  note =         {R package version 1.3.6},
  url =          {https://CRAN.R-project.org/package=doMC},
}

@Manual{CRAN:doMPI,
  title =        {doMPI: Foreach Parallel Adaptor for {Rmpi} Package},
  author =       {Steve Weston},
  year =         {2017},
  note =         {R package version 0.2.2},
  url =          {https://CRAN.R-project.org/package=doMPI},
}

@Manual{CRAN:doParallel,
  title =        {doParallel: Foreach Parallel Adaptor for the 'parallel' Package},
  author =       {{Microsoft Corporation} and Steve Weston},
  year =         {2019},
  note =         {R package version 1.0.15},
  url =          {https://CRAN.R-project.org/package=doParallel},
}

@Manual{CRAN:doRedis,
    title = {doRedis: 'Foreach' Parallel Adapter Using the 'Redis' Database},
    author = {B. W. Lewis},
    year = {2020},
    note = {R package version 2.0.0},
    url = {https://CRAN.R-project.org/package=doRedis},
}
  
@Manual{CRAN:foreach,
  title =        {foreach: Provides Foreach Looping Construct},
  author =       {Hong Ooi and {Microsoft} and Steve Weston},
  year =         {2020},
  note =         {R package version 1.5.0},
  url =          {https://CRAN.R-project.org/package=foreach},
}

@Manual{CRAN:future,
  title =        {future: Unified Parallel and Distributed Processing
                  in {R} for Everyone},
  author =       {Henrik Bengtsson},
  year =         {2020},
  note =         {R package version 1.18.0},
  url =          {https://CRAN.R-project.org/package=future},
}

@Manual{CRAN:future.apply,
  title =        {future.apply: Apply Function to Elements in Parallel
                  using Futures},
  author =       {Henrik Bengtsson},
  year =         {2020},
  note =         {R package version 1.6.0},
  url =          {https://CRAN.R-project.org/package=future.apply},
}

  @Manual{CRAN:doFuture,
    title = {doFuture: A Universal Foreach Parallel Adapter using the {Future API} of the 'future' Package},
    author = {Henrik Bengtsson},
    year = {2020},
    note = {R package version 0.9.0},
    url = {https://github.com/HenrikBengtsson/doFuture},
  }

@Manual{CRAN:future.tests,
    title = {future.tests: Test Suite for {Future API} Backends},
    author = {Henrik Bengtsson},
    year = {2020},
    note = {R package version 0.2.1},
    url = {https://github.com/HenrikBengtsson/future.tests},
  }
}

@Manual{CRAN:future.callr,
    title = {future.callr: A {Future API} for Parallel Processing using 'callr'},
    author = {Henrik Bengtsson},
    year = {2019},
    note = {R package version 0.5.0},
    url = {https://github.com/HenrikBengtsson/future.callr},
  }

@Manual{CRAN:future.BatchJobs,
    title = {future.BatchJobs: A {Future API} for Parallel and Distributed Processing using {BatchJobs}},
    author = {Henrik Bengtsson},
    year = {2019},
    note = {R package version 0.16.2},
    url = {https://CRAN.R-project.org/package=future.BatchJobs},
  }
}

@Manual{CRAN:future.batchtools,
    title = {future.batchtools: A {Future API} for Parallel and Distributed Processing using 'batchtools'},
    author = {Henrik Bengtsson},
    year = {2020},
    note = {R package version 0.9.0},
    url = {https://github.com/HenrikBengtsson/future.batchtools},
}

  @Manual{CRAN:globals,
    title = {globals: Identify Global Objects in {R} Expressions},
    author = {Henrik Bengtsson},
    year = {2019},
    note = {R package version 0.12.5},
    url = {https://github.com/HenrikBengtsson/globals},
  }

  @Manual{CRAN:listenv,
    title = {listenv: Environments Behaving (Almost) as Lists},
    author = {Henrik Bengtsson},
    year = {2019},
    note = {R package version 0.8.0},
    url = {https://github.com/HenrikBengtsson/listenv},
  }

  @Manual{CRAN:digest,
    title = {digest: Create Compact Hash Digests of {R} Objects},
    author = {Dirk Eddelbuettel and with contributions by Antoine Lucas and Jarek Tuszynski and Henrik Bengtsson and Simon Urbanek and Mario Frasca and Bryan Lewis and Murray Stokely and Hannes Muehleisen and Duncan Murdoch and Jim Hester and Wush Wu and Qiang Kou and Thierry Onkelinx and Michel Lang and Viliam Simko and Kurt Hornik and Radford Neal and Kendon Bell and Matthew {de Queljoe} and Ion Suruceanu and Bill Denney.},
    year = {2020},
    note = {R package version 0.6.25},
    url = {https://CRAN.R-project.org/package=digest},
  }
  
  @Manual{CRAN:progressr,
    title = {progressr: A Inclusive, Unifying {API} for Progress Updates},
    author = {Henrik Bengtsson},
    year = {2020},
    note = {R package version 0.6.0},
    url = {https://github.com/HenrikBengtsson/progressr},
  }

  @Manual{CRAN:codetools,
    title = {codetools: Code Analysis Tools for {R}},
    author = {Luke Tierney},
    year = {2018},
    note = {R package version 0.2-16},
    url = {https://CRAN.R-project.org/package=codetools},
  }

  @Manual{CRAN:callr,
    title = {callr: Call {R} from {R}},
    author = {Gábor Csárdi and Winston Chang},
    year = {2020},
    note = {R package version 3.4.3},
    url = {https://CRAN.R-project.org/package=callr},
  }
  
  @Manual{CRAN:googleComputeEngineR,
    title = {googleComputeEngineR: {R} Interface with {Google Compute Engine}},
    author = {Mark Edmondson},
    year = {2019},
    note = {R package version 0.3.0},
    url = {https://CRAN.R-project.org/package=googleComputeEngineR},
  }

  @Article{Lang_etal_2017,
    title = {batchtools: Tools for {R} to Work on Batch Systems},
    author = {Michel Lang and Bernd Bischl and Dirk Surmann},
    journal = {The Journal of Open Source Software},
    year = {2017},
    month = {feb},
    number = {10},
    doi = {10.21105/joss.00135},
    url = {https://doi.org/10.21105/joss.00135},
  }

  @Article{Bischl_etal_2015,
    title = {{BatchJobs} and {BatchExperiments}: Abstraction Mechanisms for Using {R} in Batch Environments},
    author = {Bernd Bischl and Michel Lang and Olaf Mersmann and J{\"o}rg Rahnenf{\"u}hrer and Claus Weihs},
    journal = {Journal of Statistical Software},
    year = {2015},
    volume = {64},
    number = {11},
    pages = {1--25},
    url = {http://www.jstatsoft.org/v64/i11/},
  }

  @Manual{CRAN:promises,
    title = {promises: Abstractions for Promise-Based Asynchronous Programming},
    author = {Joe Cheng},
    year = {2020},
    note = {R package version 1.1.1},
    url = {https://CRAN.R-project.org/package=promises},
  }

  @Manual{CRAN:shiny,
    title = {shiny: Web Application Framework for {R}},
    author = {Winston Chang and Joe Cheng and JJ Allaire and Yihui Xie and Jonathan McPherson},
    year = {2020},
    note = {R package version 1.5.0},
    url = {https://CRAN.R-project.org/package=shiny},
  }

  @Article{Landau_2018,
    title = {The drake {R} package: A Pipeline Toolkit for Reproducibility and High-Performance Computing},
    author = {William Michael Landau},
    journal = {Journal of Open Source Software},
    year = {2018},
    volume = {3},
    number = {21},
    url = {https://doi.org/10.21105/joss.00550},
  }

  @Manual{CRAN:civis,
    title = {civis: {R} Client for the 'Civis Platform API'},
    author = {Patrick Miller and Keith Ingersoll},
    year = {2020},
    note = {R package version 3.0.0},
    url = {https://CRAN.R-project.org/package=civis},
  }

  @Manual{Bioc:BiocParallel,
    title = {BiocParallel: {Bioconductor} Facilities for Parallel Evaluation},
    author = {Martin Morgan and Valerie Obenchain and Michel Lang and Ryan Thompson and Nitesh Turaga},
    year = {2020},
    note = {R package version 1.22.0},
    url = {https://github.com/Bioconductor/BiocParallel},
  }

  @Manual{CRAN:furrr,
    title = {furrr: Apply Mapping Functions in Parallel using Futures},
    author = {Davis Vaughan and Matt Dancho},
    year = {2018},
    note = {R package version 0.1.0},
    url = {https://CRAN.R-project.org/package=furrr}
  }

  @Manual{CRAN:purrr,
    title = {purrr: Functional Programming Tools},
    author = {Lionel Henry and Hadley Wickham},
    year = {2020},
    note = {R package version 0.3.4},
    url = {https://CRAN.R-project.org/package=purrr},
  }

@Article{FriedmanWise_1978,
  author =       {Friedman, Daniel P. and Wise, David S.},
  journal =      {{IEEE} Transactions on Computers},
  title =        {Aspects of Applicative Programming for Parallel
                  Processing},
  year =         {1978},
  month =        {apr},
  number =       {4},
  pages =        {289--296},
  volume =       {C-27},
  doi =          {10.1109/tc.1978.1675100},
  publisher =    {Institute of Electrical and Electronics Engineers
                  ({IEEE})},
}

@InProceedings{HewittBaker_1977,
  author =       {Hewitt, Carl and Baker, Henry G.},
  booktitle =    {IFIP Congress},
  title =        {Laws for Communicating Parallel Processes},
  year =         {1977},
  pages =        {987-992},
  added-at =     {2002-01-03T00:00:00.000+0100},
  date =         {2002-01-03},
  keywords =     {dblp},
  url =          {https://dblp.uni-trier.de/db/conf/ifip/ifip1977.html\#HewittB77},
}

@InProceedings{Hibbard_1976,
  author =       {Hibbard, Peter},
  booktitle =    {New Directions in Algorithmic Languages},
  title =        {Parallel Processing Facilities},
  year =         {1976},
  editor =       {Stephen A. Schuman},
  publisher =    {IRIA},
  comment =      {IRIA=Institut de Recherché d'Informatique et de
                  Automatique},
} 

@inproceedings{Zaharia:Spark:2010,
  author =       {Zaharia, Matei and Chowdhury, Mosharaf and Franklin,
                  Michael J. and Shenker, Scott and Stoica, Ion},
  title =        {Spark: Cluster Computing with Working Sets},
  booktitle =    {Proceedings of the 2Nd USENIX Conference on Hot
                  Topics in Cloud Computing},
  series =       {HotCloud'10},
  year =         {2010},
  location =     {Boston, MA},
  pages =        {10--10},
  numpages =     {1},
  url =          {http://dl.acm.org/citation.cfm?id=1863103.1863113},
  acmid =        {1863113},
  publisher =    {USENIX Association},
  address =      {Berkeley, CA, USA},
}

@Manual{CRAN:snow,
  title  = {snow: Simple Network of Workstations},
  author = {Luke Tierney and A. J. Rossini and Na Li and H. Sevcikova},
  note   = {R package version 0.4-3},
  year   = {2018},
  url    = {https://CRAN.R-project.org/package=snow},
}

@Manual{CRAN:multicore,
  title = {multicore: A Stub Package to Ease Transition to 'parallel'.},
  author = {Simon Urbanek},
  year = {2014},
  note = {R package version 0.2},
  url = {https://CRAN.R-project.org/package=multicore},
}

 @Manual{GitHub:revdepcheck,
    title = {revdepcheck: Automated Reverse Dependency Checking},
    author = {Gábor Csárdi and Hadley Wickham},
    year = {2020},
    note = {R package version 1.0.0.9001},
    url = {https://github.com/r-lib/revdepcheck\#readme},
  }

@Article{Lawrence2014,
  author    = {Lawrence, Michael and Morgan, Martin},
  title     = {Scalable genomics with {R} and {Bioconductor}},
  journal   = {Statistical science: a review journal of the Institute of Mathematical Statistics},
  year      = {2014},
  number    = {2},
  pages     = {214},
  volume    = {29},
  publisher = {NIH Public Access},
}

@Article{Kurtzer2017,
  author    = {Kurtzer, Gregory M and Sochat, Vanessa and Bauer, Michael W},
  journal   = {PloS one},
  title     = {Singularity: Scientific Containers for Mobility of Compute},
  year      = {2017},
  number    = {5},
  pages     = {e0177459},
  volume    = {12},
  publisher = {Public Library of Science San Francisco, CA USA},
}

@Article{Merkel2014,
  author  = {Merkel, Dirk},
  journal = {Linux journal},
  title   = {Docker: Lightweight {Linux} Containers for Consistent Development and Deployment},
  year    = {2014},
  number  = {239},
  pages   = {2},
  volume  = {2014},
}

@InProceedings{DeanGhemawat2004,
title     = {{MapReduce}: Simplified Data Processing on Large Clusters},
author    = {Jeffrey Dean and Sanjay Ghemawat},
year      = {2004},
booktitle = {OSDI'04: Sixth Symposium on Operating System Design and Implementation},
pages     = {137--150},
address  = {San Francisco, CA}
}


@article{Eddelbuettel2020,
author   = {Eddelbuettel, Dirk},
title    = {Parallel Computing with {R}: A Brief Review},
journal  = {WIREs Computational Statistics},
year     = {2020},
volume   = {n/a},
number   = {n/a},
pages    = {e1515},
keywords = {Kubernetes, R, OpenMP, OpenMPI, parallel computing, r, spark},
doi      = {10.1002/wics.1515},
url      = {https://onlinelibrary.wiley.com/doi/abs/10.1002/wics.1515},
eprint   = {https://onlinelibrary.wiley.com/doi/pdf/10.1002/wics.1515}
}

@ARTICLE{Lamport1979,
author  = {Lamport, Leslie},
journal = {IEEE Transactions on Computers}, 
title   = {How to Make a Multiprocessor Computer That Correctly Executes Multiprocess Programs}, 
year    = {1979},
volume  = {C-28},
number  = {9},
pages   = {690-691}
}

@article{Kane_etal_2013,
   author = {Michael Kane and John Emerson and Stephen Weston},
   title = {Scalable Strategies for Computing with Massive Data},
   journal = {Journal of Statistical Software, Articles},
   volume = {55},
   number = {14},
   year = {2013},
   keywords = {},
   issn = {1548-7660},
   pages = {1--19},
   doi = {10.18637/jss.v055.i14},
   url = {https://www.jstatsoft.org/v055/i14}
}

@Comment{jabref-meta: databaseType:bibtex;}
